<record><leader>00000cas a22000007a 4500</leader><controlfield tag="001">13148739</controlfield><controlfield tag="008">860213c18809999wvuwr ne      0    0eng d</controlfield><datafield ind1=" " ind2=" " tag="010"><subfield code="a">sn 86092223 </subfield></datafield><datafield ind1=" " ind2=" " tag="040"><subfield code="a">WVC</subfield><subfield code="b">eng</subfield><subfield code="c">WVC</subfield><subfield code="d">DLC</subfield><subfield code="d">OCL</subfield><subfield code="d">OCLCQ</subfield></datafield><datafield ind1=" " ind2=" " tag="042"><subfield code="a">msc</subfield></datafield><datafield ind1="0" ind2="0" tag="050"><subfield code="a">Newspaper 10185-X</subfield></datafield><datafield ind1="0" ind2="4" tag="245"><subfield code="a">The Nicholas chronicle.</subfield></datafield><datafield ind1="1" ind2="3" tag="246"><subfield code="a">Chronicle</subfield></datafield><datafield ind1=" " ind2=" " tag="260"><subfield code="a">Summersville, W. Va. :</subfield><subfield code="b">Howard Templeton</subfield></datafield><datafield ind1=" " ind2=" " tag="300"><subfield code="a">v. ;</subfield><subfield code="c">60 cm.</subfield></datafield><datafield ind1=" " ind2=" " tag="310"><subfield code="a">Weekly</subfield></datafield><datafield ind1="1" ind2=" " tag="362"><subfield code="a">Began in Aug., 1880?</subfield><subfield code="z">Cf. Brown, William G. Hist. of Nicholas Co., W. Va.</subfield></datafield><datafield ind1=" " ind2=" " tag="500"><subfield code="a">Published in Donald, W. Va. in 1900. Cf. State Gazetteer, 1900-1.</subfield></datafield><datafield ind1=" " ind2=" " tag="500"><subfield code="a">Publishers: Howard Templeton, 1880-1891; John A. Grose &amp; David O. Grose, 1891-1898; John A. Grose, 1898-1905; J.T. Williams, 1905-1907; P.N. Wiseman &amp; L.J. Groves, 1907-1908; J.L. Stewart, 1908-1911; A. Lee Stewart, 1911-1921; Ruskin J. Wiseman, 1921-1928; J.T. Williams, 1928-1930; Ruskin J. Wiseman, 1930-?</subfield></datafield><datafield ind1=" " ind2=" " tag="500"><subfield code="a">"Democratic." Cf. Ayer, 1985.</subfield></datafield><datafield ind1=" " ind2=" " tag="500"><subfield code="a">Editor: Howard Templeton.</subfield></datafield><datafield ind1=" " ind2=" " tag="588"><subfield code="a">Description based on: Vol. 1, no. 35 (Apr. 8, 1881).</subfield></datafield><datafield ind1=" " ind2=" " tag="752"><subfield code="a">United States</subfield><subfield code="b">West Virginia</subfield><subfield code="c">Nicholas</subfield><subfield code="d">Summersville.</subfield></datafield><datafield ind1=" " ind2=" " tag="752"><subfield code="a">United States</subfield><subfield code="b">West Virginia</subfield><subfield code="c">Fayette</subfield><subfield code="d">Donald.</subfield></datafield><datafield ind1="1" ind2=" " tag="029"><subfield code="a">AU@</subfield><subfield code="b">000025799703</subfield></datafield></record>